@article{reference1,
author = {Hadi, Muhammad Usman and Al-Tashi, Qasem and Qureshi, Rizwan and Shah, Abbas and Muneer, Amgad and Irfan, Muhammad and Zafar, Anas and Shaikh, Muhammad and Akhtar, Naveed and Wu, Jia and Mirjalili, Seyedali},
year = {2023},
month = {07},
pages = {},
title = {Large Language Models: A Comprehensive Survey of its Applications, Challenges, Limitations, and Future Prospects},
doi = {10.36227/techrxiv.23589741}
}

@article{reference2,
author = {Du, Mengnan and He, Fengxiang and Zou, Na and Tao, Dacheng and Hu, Xia},
year = {2022},
month = {08},
pages = {},
title = {Shortcut Learning of Large Language Models in Natural Language Understanding: A Survey}
}

@article{reference3,
author = {Raiaan, Mohaimenul and Hossain, Md. Saddam and Fatema, Kaniz and Fahad, Nur and Sakib, Sadman and Mim, Most. Marufatul Jannat and Ahmad, Jubaer and Ali, Mohammed Eunus and Azam, Sami},
year = {2023},
month = {09},
pages = {},
title = {A Review on Large Language Models: Architectures, Applications, Taxonomies, Open Issues and Challenges},
doi = {10.36227/techrxiv.24171183}
}
